{
  "marc21_record": {
    "leader": "         a22        4500",
    "fields": [
      {
        "tag": "001",
        "data": "YD2600014"
      },
      {
        "tag": "005",
        "data": "20260616101911.0"
      },
      {
        "tag": "008",
        "data": "260616s2018    vm      m                "
      },
      {
        "tag": "040",
        "ind1": " ",
        "ind2": " ",
        "subfields": [
          {
            "code": "a",
            "value": "DHYD"
          },
          {
            "code": "b",
            "value": "vie"
          },
          {
            "code": "c",
            "value": "DHYD"
          },
          {
            "code": "e",
            "value": "AACR2"
          }
        ]
      },
      {
        "tag": "041",
        "ind1": "0",
        "ind2": " ",
        "subfields": [
          {
            "code": "a",
            "value": "vie"
          }
        ]
      },
      {
        "tag": "050",
        "ind1": " ",
        "ind2": "0",
        "subfields": [
          {
            "code": "a",
            "value": "AKK"
          }
        ]
      },
      {
        "tag": "060",
        "ind1": " ",
        "ind2": " ",
        "subfields": [
          {
            "code": "a",
            "value": "WF 310"
          }
        ]
      },
      {
        "tag": "100",
        "ind1": "1",
        "ind2": " ",
        "subfields": [
          {
            "code": "a",
            "value": "Anh, Đỗ Duy."
          }
        ]
      },
      {
        "tag": "245",
        "ind1": "1",
        "ind2": "0",
        "subfields": [
          {
            "code": "a",
            "value": "KHẢO SÁT KIỂU GEN HLA-B*58:01 TRÊN BỆNH NHÂN GOUT ĐANG ĐIỀU TRỊ VỚI ALLOPURINOL /"
          },
          {
            "code": "c",
            "value": "ĐỖ DUY ANH."
          }
        ]
      },
      {
        "tag": "260",
        "ind1": " ",
        "ind2": " ",
        "subfields": [
          {
            "code": "a",
            "value": "Thành phố Hồ Chí Minh"
          },
          {
            "code": "c",
            "value": "2018"
          }
        ]
      },
      {
        "tag": "500",
        "ind1": " ",
        "ind2": " ",
        "subfields": [
          {
            "code": "a",
            "value": "Mã số: 8720101."
          }
        ]
      },
      {
        "tag": "502",
        "ind1": " ",
        "ind2": " ",
        "subfields": [
          {
            "code": "a",
            "value": "Luận văn Thạc sĩ Y học."
          }
        ]
      },
      {
        "tag": "710",
        "ind1": "2",
        "ind2": " ",
        "subfields": [
          {
            "code": "a",
            "value": "TRƯỜNG ĐẠI HỌC Y DƯỢC THÀNH PHỐ HỒ CHÍ MINH."
          }
        ]
      },
      {
        "tag": "915",
        "ind1": " ",
        "ind2": " ",
        "subfields": [
          {
            "code": "a",
            "value": "Khoa Học Y Sinh (Sinh Lý Học)"
          },
          {
            "code": "c",
            "value": "Thạc Sĩ"
          },
          {
            "code": "f",
            "value": "TS. BS. Mai Phương Thảo"
          }
        ]
      },
      {
        "tag": "927",
        "ind1": " ",
        "ind2": " ",
        "subfields": [
          "LA"
        ]
      }
    ]
  },
  "ai_evaluation_metrics": {}
}